@book{handbook,
	address = {Stockholm},
	author = {Lilliesk{\"o}ld, Joakim},
	edition = {1. uppl..},
	isbn = {978-91-47-09965-8},
	keywords = {Projektarbete; Project management},
	language = {eng},
	publisher = {Liber},
	title = {Handbook for small projects},
	year = {2010}
}

@misc{viktor,
	author = {Karlquist, Viktor},
	language = {eng},
	organization = {KTH, Skolan f{\"o}r informations- och kommunikationsteknik (ICT)},
	series = {TRITA-ICT-EX},
	title = {Design and implementation of an automotive experimental platform for {ADAS}},
	year = {2017}
}

@misc{old_ess,
	author = {Bark, F. and Cao, E. and Carlson, S. and Gruber, M. and Johansson, G. and Linusson, R. and Mohammed, A. and Paschou, M. and Wang, Y. and Zhang, X.},
	language = {eng},
	organization = {KTH, Instutitionen f{\"o}r Maskinkonstruktion},
	title = {Embedded Service For Self-Adaptive Cars},
	url = {https://kth.box.com/s/iaabvkok3fsqgpbgaq10ymgqnnf3a135},
	year = {2017}
}

@ieeetranbstctl{BSTcontrol,
	ctlalt_stretch_factor = {4},
	ctldash_repeated_names = {yes},
	ctlmax_names_forced_etal = {4},
	ctlname_format_string = {{f. ̃}{vv ̃}{ll}{, jj}},
	ctlname_latex_cmd = {},
	ctlname_url_prefix = {[Online]. Available:},
	ctlnames_show_etal = {1},
	ctluse_alt_spacing = {yes},
	ctluse_article_number = {yes},
	ctluse_forced_etal = {yes},
	ctluse_paper = {yes},
	ctluse_url = {yes}
}

